<?xml version="1.0" encoding="UTF-8"?><collection xmlns="http://www.loc.gov/MARC21/slim"><record><leader>00557nam--2200181-i-4500</leader><controlfield tag="001">000038468</controlfield><controlfield tag="002">20161230</controlfield><controlfield tag="005">20161230201041</controlfield><controlfield tag="008">060222s1000------------r-----000-0-fre-d</controlfield><datafield ind1=" " ind2=" " tag="040"><subfield code="a">IFIN-HH</subfield></datafield><datafield ind1=" " ind2=" " tag="041"><subfield code="a">fre</subfield></datafield><datafield ind1=" " ind2=" " tag="080"><subfield code="a">535.375.5(043):539.2(043)</subfield></datafield><datafield ind1="1" ind2=" " tag="100"><subfield code="a">Renucci, Jean Baptiste</subfield></datafield><datafield ind1="1" ind2="0" tag="245"><subfield code="a">Etude des interactions phonon-phonon et electron-phonon par spectroscopie raman</subfield><subfield code="b">These</subfield><subfield code="c">Jean baptiste renucci</subfield></datafield><datafield ind1=" " ind2=" " tag="260"><subfield code="a">Toulouse</subfield><subfield code="b">Universite Paul Sabatier De Toulouse</subfield><subfield code="c">1974</subfield></datafield><datafield ind1=" " ind2=" " tag="300"><subfield code="a">114P</subfield></datafield><datafield ind1=" " ind2=" " tag="852"><subfield code="a">43359</subfield><subfield code="c">539.2</subfield></datafield><datafield ind1=" " ind2=" " tag="CAT"><subfield code="a">Sys</subfield><subfield code="c">20121025</subfield><subfield code="h">111750</subfield></datafield></record></collection>